@online{koalas_announced,
    author = {Liu, T. and Hunter, T.},
    title = {Koalas: Easy Transition from pandas to Apache Spark},
    year = 2019,
    organization = {Databricks},
    url = {https://databricks.com/blog/2019/04/24/koalas-easy-transition-from-pandas-to-apache-spark.html},
    note = {Accessed 2020-02-03}
}

@online{pandas_docs_mem,
    author = {McKinney, Wes and others},
    title = {pandas: powerful Python data analysis toolkit Release 1.0.0},
    year = 2020,
    url = "https://pandas.pydata.org/docs/pandas.pdf",
    note = {Accessed 2020-02-05}
}    

@book{mckinney2012python,
    title={Python for data analysis: Data wrangling with Pandas, NumPy, and IPython},
    author={McKinney, Wes},
    year={2012},
    publisher={" O'Reilly Media, Inc."}
}

@article{tao2017k,
  title={K-Line Patternsâ€™ Predictive Power Analysis Using the Methods of Similarity Match and Clustering},
  author={Tao, Lv and Hao, Yongtao and Yijie, Hao and Chunfeng, Shen},
  journal={Mathematical Problems in Engineering},
  volume={2017},
  year={2017},
  publisher={Hindawi}
}

@article{mckinney2011pandas,
    title={pandas: a Foundational Python Library for Data Analysis and Statistics},
    author={Wes McKinney},
    journal={Python for High Performance and Scientific Computing},
    volume={14},
    year={2011}
}

@inproceedings{jupyter2018binder,
  title={Binder 2.0-Reproducible, Interactive, Sharable Environments for Science at Scale},
  author={Bussonnier, M and Forde, J and Freeman, J and Granger, B and Head, T and Holdgraf, C and Kelley, K and Nalvarte, G and Osheroff, A and others},
  booktitle={Proceedings of the 17th Python in Science Conference},
  volume={113},
  pages={120},
  year={2018}
}

@article{carneiro2018performance,
  title={Performance Analysis of Google Colaboratory as a Tool for Accelerating Deep Learning Applications},
  author={Carneiro, Tiago and Da N{\'o}brega, Raul Victor Medeiros and Nepomuceno, Thiago and Bian, Gui-Bin and De Albuquerque, Victor Hugo C and Reboucas Filho, Pedro Pedrosa},
  journal={IEEE Access},
  volume={6},
  pages={61677--61685},
  year={2018},
  publisher={IEEE}
}